@MISC{AndroidLint,
  title = {Lint | Android Developers},
  author = {Google},
  year = {2015},
  note = {[Accessed February 20, 2015]},
  url = {http://developer.android.com/tools/help/lint.html}
}
