@book{huttel2010transitions,
  title={Transitions and Trees: An Introduction to Structural Operational Semantics},
  author={H{\"u}ttel, H.},
  isbn={9781139788595},
  url={http://books.google.dk/books?id=f9zmrShQj3YC},
  year={2010},
  publisher={Cambridge University Press}
}
